%% This BibTeX bibliography file was created using BibDesk.
%% http://bibdesk.sourceforge.net/

%% Created for Alexandre Piche at 2015-09-26 13:32:37 -0400 


%% Saved with string encoding Unicode (UTF-8) 

	@book{davidson2004econometric,
  title={Econometric theory and methods},
  author={Davidson, Russell and MacKinnon, James G},
  volume={5},
  year={2004},
  publisher={Oxford University Press New York}
}


@article{scikit-learn,
	Author = {Pedregosa, F. and Varoquaux, G. and Gramfort, A. and Michel, V. and Thirion, B. and Grisel, O. and Blondel, M. and Prettenhofer, P. and Weiss, R. and Dubourg, V. and Vanderplas, J. and Passos, A. and Cournapeau, D. and Brucher, M. and Perrot, M. and Duchesnay, E.},
	Journal = {Journal of Machine Learning Research},
	Pages = {2825--2830},
	Title = {Scikit-learn: Machine Learning in {P}ython},
	Volume = {12},
	Year = {2011}}
